@misc{qualys,
author={Bharat Jogi, Director},
title = {PwnKit: Local privilege escalation vulnerability discovered in Polkit's PKEXEC (CVE-2021-4034)},
journal={Qualys Security Blog},
url={https://blog.qualys.com/vulnerabilities-threat-research/2022/01/25/pwnkit-local-privilege-escalation-vulnerability-discovered-in-polkits-pkexec-cve-2021-4034},
month={Feb},
year={2022},
}

@misc{arthepsy,
author={Arthepsy},
title={Arthepsy/CVE-2021-4034: Poc for pwnkit: Local privilege escalation vulnerability in Polkit's PKEXEC (CVE-2021-4034)},journal={Qualys Security Blog},
url={https://github.com/arthepsy/CVE-2021-4034},
journal={GitHub}, 
}

@misc{pkexec1E89:online,
author = {},
title = {pkexec(1): Execute command as another user - Linux man page},
howpublished = {\url{https://linux.die.net/man/1/pkexec}},
month = {},
year = {},
note = {(Accessed on 11/16/2022)}
}

@misc{Howtopro9:online,
author = {},
title = {How to protect GRUB2 from booting kernel without password in Linux | GoLinuxCloud},
howpublished = {\url{https://www.golinuxcloud.com/protect-grub2-booting-kernel-without-password/}},
month = {},
year = {},
note = {(Accessed on 11/16/2022)}
}

@misc{CVE2021350:online,
author = {},
title = {[CVE-2021-3156] Exploiting Sudo Heap Overflow On Debian 10},
howpublished = {\url{https://syst3mfailure.io/sudo-heap-overflow#:~:text=Image%3A%20debian%2D10.7.0%2Damd64%2DDVD%2D1.iso}},
month = {},
year = {},
note = {(Accessed on 11/16/2022)}
}

@misc{policyki47:online,
author = {},
title = {policykit [Wiki ubuntu-fr]},
howpublished = {\url{https://doc.ubuntu-fr.org/policykit}},
month = {},
year = {},
note = {(Accessed on 11/19/2022)}
}

@misc{PartVMan11:online,
author = {},
title = {Part V. Manual Pages: polkit Reference Manual},
howpublished = {\url{https://www.freedesktop.org/software/polkit/docs/latest/manpages.html}},
month = {},
year = {},
note = {(Accessed on 11/19/2022)}
}


@misc{CVE2021425:online,
author = {},
title = {CVE-2021-4034 : Présentation pas à pas de Pwnkit : dernière | de la vulnérabilité d’escalade des privilèges Linux Réparer},
howpublished = {\url{https://www.mend.io/resources/blog/polkit-pkexec-vulnerability-cve-2021-4034/}},
month = {},
year = {},
note = {(Accessed on 11/29/2022)}
}

@misc{pkexeclo25:online,
author = {},
title = {pkexec: local privilege escalation (CVE-2021-4034) (a2bf5c9c) · Commits · polkit / polkit · GitLab},
howpublished = {\url{https://gitlab.freedesktop.org/polkit/polkit/-/commit/a2bf5c9c83b6ae46cbd5c779d3055bff81ded683}},
month = {},
year = {},
note = {(Accessed on 11/30/2022)}
}

@misc{securitytrack:online,
author = {},
title = {CVE-2021-4034},
howpublished = {\url{https://security-tracker.debian.org/tracker/CVE-2021-4034}},
month = {},
year = {},
note = {(Accessed on 11/30/2022)}
}

@misc{grubchangepassword:online,
author = {},
title = {LayerStack Tutorials - LayerStack - Resetting root password by booting into Single User Mode from Linux GRUB},
howpublished = {\url{https://www.layerstack.com/resources/tutorials/Resetting-root-password-for-Linux-Cloud-Servers-by-booting-into-Single-User-Mode}},
month = {},
year = {},
note = {(Accessed on 12/01/2022)}
}

@misc{iconvopenman:online,
author = {},
title = {iconvconfig(8) — Arch pages de manuel},
howpublished = {\url{https://man.archlinux.org/man/iconvconfig.8.en}},
month = {},
year = {},
note = {(Accessed on 12/03/2022)}
}

@misc{protectgrub:online,
author = {},
title = {24.6. Protection de GRUB 2 par un mot de passe Red Hat Enterprise Linux 7 | Red Hat Customer Portal},
howpublished = {\url{https://access.redhat.com/documentation/fr-fr/red_hat_enterprise_linux/7/html/system_administrators_guide/sec-protecting_grub_2_with_a_password}},
month = {},
year = {},
note = {(Accessed on 12/04/2022)}
}

@misc{polkit:online,
author = {},
title = {polkit(8): Authorization Framework - Linux man page},
howpublished = {\url{https://linux.die.net/man/8/polkit}},
month = {},
year = {},
note = {(Accessed on 12/05/2022)}
}

@misc{iconvman:online,
author = {},
title = {iconv\_open(3) - Linux manual page},
howpublished = {\url{https://man7.org/linux/man-pages/man3/iconv_open.3.html}},
month = {},
year = {},
note = {(Accessed on 12/05/2022)}
}

@misc{gconvpath:online,
author = {},
title = {iconv(1) - Linux manual page},
howpublished = {\url{https://man7.org/linux/man-pages/man1/iconv.1.html}},
month = {},
year = {},
note = {(Accessed on 12/05/2022)}
}